@misc{nationalinstituteofstandardsandtechnology2016Information,
  title = {Information Life Cycle},
  author = {{National Institute of Standards and Technology}},
  year = {2016},
  journal = {information life cycle},
  publisher = {{National Institute of Standards and Technology}},
  urldate = {2023-12-31},
  howpublished = {\url{https://csrc.nist.gov/glossary/term/information_life_cycle}},
  langid = {american},
  file = {/Users/henry/SynologyDrive/Zotero/storage/252M7CNN/information_life_cycle.html}
}
