@misc{chipscontract,
  title = {{{RSS3 VSL Chips Contract}}},
  author = {{RSS3 Network}},
  year = {2024},
  month = mar,
  urldate = {2024-10-09},
  howpublished = {\url{https://scan.rss3.io/address/0x849f8F55078dCc69dD857b58Cc04631EBA54E4DE}},
  langid = {english}
}

@misc{dsl0.2,
  title = {{{RSS3-Network}}/{{DSL-v0}}.2},
  author = {{RSS3 Network}},
  year = {2021},
  urldate = {2024-01-25},
  abstract = {The RSS3 Data Sublayer v0.2},
  copyright = {MIT},
  howpublished = {RSS3 Network},
  note = {\url{https://github.com/RSS3-Network/DSL-v0.2}}
}

@misc{dsl0.3,
  title = {{{RSS3-Network}}/{{DSL-v0}}.3},
  author = {{RSS3 Network}},
  year = {2021},
  urldate = {2024-01-25},
  abstract = {The RSS3 Data Sublayer v0.3},
  copyright = {MIT},
  howpublished = {RSS3 Network},
  note = {\url{https://github.com/RSS3-Network/DSL-v0.3}}
}

@misc{dsl0.4,
  title = {{{RSS3-Network}}/{{DSL-v0}}.4},
  author = {{RSS3 Network}},
  year = {2022},
  urldate = {2024-01-25},
  abstract = {The RSS3 Data Sublayer v0.4},
  copyright = {MIT},
  howpublished = {RSS3 Network},
  note = {\url{https://github.com/RSS3-Network/DSL-v0.4}}
}

@misc{nationalinstituteofstandardsandtechnology2016Information,
  title = {Information Life Cycle},
  author = {{National Institute of Standards and Technology}},
  year = {2016},
  journal = {information life cycle},
  publisher = {{National Institute of Standards and Technology}},
  urldate = {2023-12-31},
  howpublished = {\url{https://csrc.nist.gov/glossary/term/information_life_cycle}},
  langid = {american}
}

@misc{near2023Data,
  title = {{{NEAR}} {\textbar} {{Data Availability}}},
  author = {{NEAR}},
  year = {2023},
  urldate = {2024-10-09},
  abstract = {Simplify and lower costs in your rollup network by using NEAR as the Data Availability (DA) Layer in your Rollup Stack.},
  howpublished = {\url{https://near.org/data-availability}}
}

@misc{networkparamscontract,
  title = {{{RSS3 VSL NetworkParams Contract}}},
  author = {{RSS3 Network}},
  year = {2024},
  month = jul,
  urldate = {2024-10-09},
  howpublished = {\url{https://scan.rss3.io/address/0x15176Aabdc4836c38947a67313d209204051C502}},
  langid = {english}
}

@misc{op-fork,
  title = {{{RSS3-Network}}/Optimism},
  author = {{RSS3 Network}},
  year = {2024},
  urldate = {2024-01-25},
  howpublished = {RSS3 Network},
  note = {\url{https://github.com/RSS3-Network/optimism}}
}

@misc{protocol,
  title = {The {{RSS3 Protocol}}},
  author = {{RSS3 Network}},
  year = {2021},
  month = apr,
  urldate = {2024-01-25},
  abstract = {The RSS3 Protocol is used to structure Open Information for interoperability.},
  howpublished = {RSS3 Network},
  keywords = {rss,rss3,web3},
  note = {\url{https://github.com/RSS3-Network/Protocol}}
}

@misc{rss3globalindexer,
  title = {{{RSS3-Network}}/{{Global-Indexer}}},
  author = {{RSS3 Network}},
  year = {2024},
  month = oct,
  urldate = {2024-10-09},
  abstract = {In the vast RSS3 Network, the Global Indexer navigates requests with precision, it is a beacon in the byte-filled sea.},
  copyright = {MIT},
  howpublished = {RSS3 Network},
  keywords = {openweb,rss3,web3},
  note = {\url{https://github.com/RSS3-Network/Global-Indexer}}
}

@misc{rss3node,
  title = {{{RSS3-Network}}/{{Node}}},
  author = {{RSS3 Network}},
  year = {2024},
  month = jan,
  urldate = {2024-01-25},
  abstract = {In the vast RSS3 Network, the Node delivers Open Information with efficiency, it is a steadfast cruiser in the byte-filled sea.},
  copyright = {MIT},
  howpublished = {RSS3 Network},
  keywords = {openweb,rss3,web3},
  note = {\url{https://github.com/RSS3-Network/Serving-Node}}
}

@misc{rssadvisoryboard2009RSS,
  title = {{{RSS}} 2.0 {{Specification}} ({{Current}})},
  author = {{RSS Advisory Board}},
  year = {2009},
  urldate = {2024-01-25},
  howpublished = {\url{https://www.rssboard.org/rss-specification}}
}

@misc{settlementcontract,
  title = {{{RSS3 VSL Settlement Contract}}},
  author = {{RSS3 Network}},
  year = {2024},
  month = mar,
  urldate = {2024-10-09},
  howpublished = {\url{https://scan.rss3.io/address/0x0cE3159BF19F3C55B648D04E8f0Ae1Ae118D2A0B}},
  langid = {english}
}

@misc{stakingcontract,
  title = {{{RSS3 VSL Staking Contract}}},
  author = {{RSS3 Network}},
  year = {2024},
  month = mar,
  urldate = {2024-10-09},
  howpublished = {\url{https://scan.rss3.io/address/0x28F14d917fddbA0c1f2923C406952478DfDA5578}},
  langid = {english}
}

@misc{whitepaper,
  title = {The {{RSS3 Whitepaper}}},
  shorttitle = {{{RSS3-Network}}/{{Whitepaper}}},
  author = {{RSS3 Network}},
  year = {2022},
  urldate = {2024-01-25},
  abstract = {The RSS3 Whitepaper defines the architecture of the RSS3 Network and the tokenomics around it. - RSS3-Network/Whitepaper: The RSS3 Whitepaper defines the architecture of the RSS3 Network and the to...},
  howpublished = {\url{https://github.com/RSS3-Network/Whitepaper}}
}
