@inproceedings{badger-BFT,
  title = {The {{Honey Badger}} of {{BFT Protocols}}},
  booktitle = {Proceedings of the 2016 {{ACM SIGSAC Conference}} on {{Computer}} and {{Communications Security}}},
  author = {Miller, Andrew and Xia, Yu and Croman, Kyle and Shi, Elaine and Song, Dawn},
  year = {2016},
  month = oct,
  series = {{{CCS}} '16},
  pages = {31--42},
  publisher = {{Association for Computing Machinery}},
  address = {{New York, NY, USA}},
  doi = {10.1145/2976749.2978399},
  isbn = {978-1-4503-4139-4},
  keywords = {asynchronous,atomic broadcast,BFT,blockchain},
}

@article{bitcoin-whitepaper,
  title = {Bitcoin: {{A Peer-to-Peer Electronic Cash System}}},
  author = {Nakamoto, Satoshi},
  year = {2008},
  pages = {11},
}

@inproceedings{bls,
  title = {Short {{Signatures}} from the {{Weil Pairing}}},
  booktitle = {Advances in {{Cryptology}} \textemdash{} {{ASIACRYPT}} 2001},
  author = {Boneh, Dan and Lynn, Ben and Shacham, Hovav},
  editor = {Boyd, Colin},
  year = {2001},
  series = {Lecture {{Notes}} in {{Computer Science}}},
  pages = {514--532},
  publisher = {{Springer}},
  address = {{Berlin, Heidelberg}},
  doi = {10.1007/3-540-45682-1_30},
  isbn = {978-3-540-45682-7},
  keywords = {Elliptic Curf,Elliptic Curve,Hash Function,Random Oracle,Signature Scheme},
}

@inproceedings{dkg,
  title = {Secure {{Applications}} of {{Pedersen}}'s {{Distributed Key Generation Protocol}}},
  booktitle = {Topics in {{Cryptology}} \textemdash{} {{CT-RSA}} 2003},
  author = {Gennaro, Rosario and Jarecki, Stanislaw and Krawczyk, Hugo and Rabin, Tal},
  editor = {Joye, Marc},
  year = {2003},
  series = {Lecture {{Notes}} in {{Computer Science}}},
  pages = {373--390},
  publisher = {{Springer}},
  address = {{Berlin, Heidelberg}},
  doi = {10.1007/3-540-36563-X_26},
  isbn = {978-3-540-36563-1},
  keywords = {discrete logarithm,distributed key generation,exact security,random oracle model,Threshold cryptography}
}

@article{eth-whitepaper,
  title = {Ethereum: {{A Secure Decentralised Generalised Transaction Ledger}}},
  author = {Wood, Gavin},
  year = {2014},
  pages = {32},
}

@article{ibft,
  title = {The {{Istanbul BFT Consensus Algorithm}}},
  author = {Moniz, Henrique},
  year = {2020},
  month = feb,
}

@article{Mir-BFT,
  title = {Mir-{{BFT}}: {{High-Throughput Robust BFT}} for {{Decentralized Networks}}},
  shorttitle = {Mir-{{BFT}}},
  author = {Stathakopoulou, Chrysoula and David, Tudor and Pavlovic, Matej and Vukoli{\'c}, Marko},
  year = {2019},
  month = jun,
}

@article{pss,
  title = {{{MPSS}}: {{Mobile Proactive Secret Sharing}}},
  shorttitle = {{{MPSS}}},
  author = {Schultz, David and Liskov, Barbara and Liskov, Moses},
  year = {2010},
  month = dec,
  journal = {ACM Transactions on Information and System Security},
  volume = {13},
  number = {4},
  pages = {34:1--34:32},
  issn = {1094-9224},
  doi = {10.1145/1880022.1880028},
}

@inproceedings{pss2,
  title = {{{CHURP}}: {{Dynamic-Committee Proactive Secret Sharing}}},
  shorttitle = {{{CHURP}}},
  booktitle = {Proceedings of the 2019 {{ACM SIGSAC Conference}} on {{Computer}} and {{Communications Security}}},
  author = {Maram, Sai Krishna Deepak and Zhang, Fan and Wang, Lun and Low, Andrew and Zhang, Yupeng and Juels, Ari and Song, Dawn},
  year = {2019},
  month = nov,
  series = {{{CCS}} '19},
  pages = {2369--2386},
  publisher = {{Association for Computing Machinery}},
  address = {{New York, NY, USA}},
  doi = {10.1145/3319535.3363203},
  isbn = {978-1-4503-6747-9},
  keywords = {blockchain,decentralization,dynamic committee,secret sharing},
}

@article{tendermint,
  title = {Tendermint: {{Consensus}} without {{Mining}}},
  author = {Kwon, Jae},
  pages = {11},
}

@article{schrepel2019Collusion,
  title = {Collusion {{By Blockchain And Smart Contracts}}},
  author = {Schrepel, Thibault},
  year = {2019},
  journal = {SSRN Electronic Journal},
  issn = {1556-5068},
  doi = {10.2139/ssrn.3315182},
}

@incollection{douceur2002Sybil,
  title = {The {{Sybil Attack}}},
  booktitle = {Peer-to-{{Peer Systems}}},
  author = {Douceur, John R.},
  editor = {Goos, Gerhard and Hartmanis, Juris and {van Leeuwen}, Jan and Druschel, Peter and Kaashoek, Frans and Rowstron, Antony},
  year = {2002},
  volume = {2429},
  pages = {251--260},
  publisher = {{Springer Berlin Heidelberg}},
  address = {{Berlin, Heidelberg}},
  doi = {10.1007/3-540-45748-8_24},
  isbn = {978-3-540-44179-3 978-3-540-45748-0}
}

@misc{linking-manifesto,
title = {Linking Manifesto},
url={https://linkingmanifesto.org/technical-requirements/}
}

@article{castro2002Practical,
  title = {Practical Byzantine Fault Tolerance and Proactive Recovery},
  author = {Castro, Miguel and Liskov, Barbara},
  year = {2002},
  month = nov,
  journal = {ACM Transactions on Computer Systems},
  volume = {20},
  number = {4},
  pages = {398--461},
  issn = {0734-2071, 1557-7333},
  doi = {10.1145/571637.571640}
}

@article{lamport1982Byzantine,
  title = {The {{Byzantine Generals Problem}}},
  author = {Lamport, Leslie and Shostak, Robert and Pease, Marshall},
  year = {1982},
  month = jul,
  journal = {ACM Transactions on Programming Languages and Systems},
  volume = {4},
  number = {3},
  pages = {382--401},
  issn = {0164-0925, 1558-4593},
  doi = {10.1145/357172.357176},
}